/home/deepak/p/bibtexLibrary.bib